% Encoding: UTF-8

@Article{hare1994,
  author    = {Hare, AR and Morrison, GR},
  title     = {Near-field soft X-ray diffraction modelled by the multislice method},
  journal   = {Journal of Modern Optics},
  year      = {1994},
  volume    = {41},
  number    = {1},
  pages     = {31--48},
  file      = {hare:hare1994:PDF;:C\:\\Users\\Felix\\Dropbox\\bachelor\\material\\bib\\hare1994:PDF},
  publisher = {Taylor \& Francis},
}

@Book{kirkland2010,
  title     = {Advanced computing in electron microscopy},
  publisher = {Springer Science \& Business Media},
  year      = {2010},
  author    = {Kirkland, Earl J},
}

@PhdThesis{thibault2007,
  author  = {{Thibault}, P.},
  title   = {{Algorithmic methods in diffraction microscopy}},
  school  = {Cornell University},
  year    = {2007},
  adsnote = {Provided by the SAO/NASA Astrophysics Data System},
  adsurl  = {http://adsabs.harvard.edu/abs/2007PhDT.......131T},
}

@Article{marchesini2007,
  author    = {Marchesini, Stefano},
  title     = {Invited article: A unified evaluation of iterative projection algorithms for phase retrieval},
  journal   = {Review of scientific instruments},
  year      = {2007},
  volume    = {78},
  number    = {1},
  pages     = {011301},
  file      = {:C\:\\Users\\Felix\\Dropbox\\bachelor\\material\\bib\\marchesini2007.pdf:PDF},
  publisher = {AIP Publishing},
}

@Article{luke2004,
  author    = {Luke, D Russell},
  title     = {Relaxed averaged alternating reflections for diffraction imaging},
  journal   = {Inverse Problems},
  year      = {2004},
  volume    = {21},
  number    = {1},
  pages     = {37},
  file      = {:luke2004.pdf:PDF},
  publisher = {IOP Publishing},
}

@Article{fienup1978,
  author    = {J. R. Fienup},
  title     = {Reconstruction of an object from the modulus of its Fourier transform},
  journal   = {Opt. Lett.},
  year      = {1978},
  volume    = {3},
  number    = {1},
  pages     = {27--29},
  month     = {Jul},
  abstract  = {We present a digital method for solving the phase-retrieval problem of optical-coherence theory: the reconstruction of a general object from the modulus of its Fourier transform. This technique should be useful for obtaining high-resolution imagery from interferometer data.},
  doi       = {10.1364/OL.3.000027},
  publisher = {OSA},
  url       = {http://ol.osa.org/abstract.cfm?URI=ol-3-1-27},
}

@Book{goodman2005,
  title     = {Introduction to Fourier optics},
  publisher = {Roberts and Company Publishers},
  year      = {2005},
  author    = {Goodman, Joseph W},
}

@Book{castleman1996,
  title     = {Digital Image Processing},
  publisher = {Prentice Hall Press},
  year      = {1996},
  author    = {Castleman, Kenneth R.},
  address   = {Upper Saddle River, NJ, USA},
  isbn      = {0-13-211467-4},
}

@Article{barke2015,
  author    = {Barke, Ingo and Hartmann, Hannes and Rupp, Daniela and Fl{\"u}ckiger, Leonie and Sauppe, Mario and Adolph, Marcus and Schorb, Sebastian and Bostedt, Christoph and Treusch, Rolf and Peltz, Christian and others},
  title     = {The 3D-architecture of individual free silver nanoparticles captured by X-ray scattering},
  journal   = {Nature communications},
  year      = {2015},
  volume    = {6},
  publisher = {Nature Publishing Group},
}

@Misc{pnpoly,
  author = {Randolph Franklin},
  title  = {Point Inclusion in Polygon Test},
  year   = {2003},
  url    = {https://www.ecse.rpi.edu/~wrf/Research/Short_Notes/pnpoly.html},
}

@Article{chapman2006,
  author    = {Chapman, Henry N and Barty, Anton and Bogan, Michael J and Boutet, S{\'e}bastien and Frank, Matthias and Hau-Riege, Stefan P and Marchesini, Stefano and Woods, Bruce W and Bajt, Sa{\v{s}}a and Benner, W Henry and others},
  title     = {Femtosecond diffractive imaging with a soft-X-ray free-electron laser},
  journal   = {Nature Physics},
  year      = {2006},
  volume    = {2},
  number    = {12},
  pages     = {839--843},
  publisher = {Nature Publishing Group},
}

@Book{bohren2008,
  title     = {Absorption and scattering of light by small particles},
  publisher = {John Wiley \& Sons},
  year      = {2008},
  author    = {Bohren, Craig F and Huffman, Donald R},
}

@Book{cowley1995,
  title     = {Diffraction physics},
  publisher = {Elsevier},
  year      = {1995},
  author    = {Cowley, John Maxwell},
}

@InProceedings{lobaz2013,
  author       = {Lobaz, P},
  title        = {Discrete calculation of the off-axis angular spectrum based light propagation},
  booktitle    = {Journal of Physics: Conference Series},
  year         = {2013},
  volume       = {415},
  number       = {1},
  pages        = {012040},
  organization = {IOP Publishing},
}

@Article{leshem2016,
  author    = {Leshem, Ben and Xu, Rui and Dallal, Yehonatan and Miao, Jianwei and Nadler, Boaz and Oron, Dan and Dudovich, Nirit and Raz, Oren},
  title     = {Direct single-shot phase retrieval from the diffraction pattern of separated objects},
  journal   = {Nature communications},
  year      = {2016},
  volume    = {7},
  publisher = {Nature Publishing Group},
}

@Article{matsushima2009,
  author    = {Matsushima, Kyoji and Shimobaba, Tomoyoshi},
  title     = {Band-limited angular spectrum method for numerical simulation of free-space propagation in far and near fields},
  journal   = {Optics express},
  year      = {2009},
  volume    = {17},
  number    = {22},
  pages     = {19662--19673},
  publisher = {Optical Society of America},
}

@PhdThesis{maia2010,
  author = {Maia, F},
  title  = {Ultrafast Coherent X-ray Diffractive Nanoimaging},
  school = {Ph. D. Thesis, Uppsala, ISBN 978-91-554-7776-9},
  year   = {2010},
}

@InCollection{schultz2013chapter7,
  author    = {Boutu, Willem and Carr√©, Bertrand and Merdji, Hamed},
  title     = {Coherend Diffractive Imaging},
  booktitle = {Attosecond and XUV Spectroscopy: Ultrafast Dynamics and Spectroscopy},
  publisher = {John Wiley \& Sons},
  year      = {2013},
  editor    = {Schultz, Thomas and Vrakking, Marc},
  chapter   = {17},
  pages     = {557-592},
}

@InProceedings{schmidt2010,
  author       = {Schmidt, Jason Daniel},
  title        = {Numerical simulation of optical wave propagation with examples in MATLAB},
  year         = {2010},
  organization = {SPIE Bellingham, WA},
}

@Article{grella1982,
  author    = {Grella, Raffaele},
  title     = {Fresnel propagation and diffraction and paraxial wave equation},
  journal   = {Journal of Optics},
  year      = {1982},
  volume    = {13},
  number    = {6},
  pages     = {367},
  publisher = {IOP Publishing},
}

@Article{cowley1957,
  author    = {Cowley, John M and Moodie, A F\_},
  title     = {The scattering of electrons by atoms and crystals. I. A new theoretical approach},
  journal   = {Acta Crystallographica},
  year      = {1957},
  volume    = {10},
  number    = {10},
  pages     = {609--619},
  publisher = {International Union of Crystallography},
}

@Book{schultz2013book,
  title     = {Attosecond and XUV Spectroscopy: Ultrafast Dynamics and Spectroscopy},
  publisher = {John Wiley \& Sons},
  year      = {2013},
  author    = {Schultz, Thomas and Vrakking, Marc},
}

@Article{park2013,
  author    = {Park, Hyung Joo and Loh, N Duane and Sierra, Raymond G and Hampton, Christina Y and Starodub, Dmitri and Martin, Andrew V and Barty, Anton and Aquila, Andrew and Schulz, Joachim and Steinbrener, Jan and others},
  title     = {Toward unsupervised single-shot diffractive imaging of heterogeneous particles using X-ray free-electron lasers},
  journal   = {Optics express},
  year      = {2013},
  volume    = {21},
  number    = {23},
  pages     = {28729--28742},
  publisher = {Optical Society of America},
}

@Article{stadler2008,
  author    = {Stadler, Lorenz-M and Gutt, Christian and Autenrieth, Tina and Leupold, Olaf and Rehbein, Stefan and Chushkin, Yuriy and Gr{\"u}bel, Gerhard},
  title     = {Hard x ray holographic diffraction imaging},
  journal   = {Physical review letters},
  year      = {2008},
  volume    = {100},
  number    = {24},
  pages     = {245503},
  publisher = {APS},
}

@Article{marchesini2003,
  author    = {Marchesini, Stefano and He, H and Chapman, Henry N and Hau-Riege, Stefan P and Noy, A and Howells, Malcolm R and Weierstall, U and Spence, John CH},
  title     = {X-ray image reconstruction from a diffraction pattern alone},
  journal   = {Physical Review B},
  year      = {2003},
  volume    = {68},
  number    = {14},
  pages     = {140101},
  publisher = {APS},
}

@Article{cowley1970,
  author  = {Cowley, JM and Grinton, GR},
  title   = {Phase and Amplitude Contrast from Biological Materials},
  journal = {Proc. Seventh Int. Congr. Electron Microsc.(Grenoble)},
  year    = {1970},
  volume  = {1},
  pages   = {59--60},
}

@Article{lalor1968,
  author    = {Lalor, {\'E}amon},
  title     = {Conditions for the Validity of the Angular Spectrum of Plane Waves*},
  journal   = {JOSA},
  year      = {1968},
  volume    = {58},
  number    = {9},
  pages     = {1235--1237},
  publisher = {Optical Society of America},
}

@Book{james1952,
  title     = {The Optical Principles of the Diffraction of X-rays},
  publisher = {G. Bell and sons},
  year      = {1952},
  author    = {James, Reginald W},
}

@Book{voelz2011,
  title     = {Computational fourier optics: a MATLAB tutorial},
  publisher = {Spie Press Bellingham, Wash, USA},
  year      = {2011},
  author    = {Voelz, David George},
}

@Article{huang2010,
  author    = {Huang, Xiaojing and Nelson, Johanna and Steinbrener, Jan and Kirz, Janos and Turner, Joshua J and Jacobsen, Chris},
  title     = {Incorrect support and missing center tolerances of phasing algorithms},
  journal   = {Optics express},
  year      = {2010},
  volume    = {18},
  number    = {25},
  pages     = {26441--26449},
  publisher = {Optical Society of America},
}

@Article{maetzler2002,
  author  = {M{\"a}tzler, Christian},
  title   = {MATLAB functions for Mie scattering and absorption, version 2},
  journal = {IAP Res. Rep},
  year    = {2002},
  volume  = {8},
}

@Misc{born1980,
  author    = {Born, Max and Wolf, Emil},
  title     = {Principles of Optics. Sixth},
  year      = {1980},
  publisher = {Oxford: Pergamon Press},
}

@InCollection{trigg2006,
  author    = {Kazuo Ohtaka},
  title     = {Green's Functions},
  booktitle = {Mathematical tools for physicists},
  publisher = {John Wiley \& Sons},
  year      = {2006},
  editor    = {Trigg, George L},
  pages     = {165-168},
}

@Book{attwood1999,
  title     = {Soft x-rays and extreme ultraviolet radiation: principles and applications},
  publisher = {Cambridge university press},
  year      = {1999},
  author    = {Attwood, David},
}

@Article{henke,
  author  = {Henke, B.L and Gullikson, E.M. and Davis, J.C.},
  title   = {X-ray interactions: photoabsorption, scattering, transmission, and reflection at E=50-30000 eV, Z=1-92},
  journal = {Atomic Data and Nuclear Data Tables Vol. 54 (no.2), 181-342},
  year    = {1993},
}

@MastersThesis{sander2014,
  author = {Katharina Sander},
  title  = {Microscopic description of single-shot diffractive imaging of clusters via the dyadic Green‚Äôs function approach},
  school = {Universit√§t Rostock},
  year   = {2014},
  file   = {:C\:\\Users\\Felix\\Dropbox\\bachelor\\material\\sander2014.pdf:PDF},
}

@Article{drezek1999,
  author  = {Drezek, Rebekah and Dunn, Andrew and Richards-Kortum, Rebekah},
  title   = {Light scattering from cells: finite-difference time-domain simulations and goniometric measurements},
  journal = {Applied Optics},
  year    = {1999},
}

@Article{hantke2016,
  author  = {Hantke, Max F. and Ekeberga, Tomas and Maia, Filipe},
  title   = {Condor: a simulation tool for flash X-ray imaging},
  journal = {Journal of Applied Crystallography},
  year    = {2016},
}

@MastersThesis{ulmer2015,
  author = {Ulmer, Anatoli},
  title  = {Untersuchung von R√∂ntgen-Streubildern einzelner Nanopartikel: Neue Ans√§tze zur L√∂sung des Phasenproblems},
  school = {Technische Universit√§t Berlin},
  year   = {2015},
}

@Article{seibert2011,
  author    = {Seibert, M. Marvin and Ekeberg, Tomas and Maia, Filipe R. N. C. and Svenda, Martin and Andreasson, Jakob and Jonsson, Olof and Odic, Dusko and Iwan, Bianca and Rocker, Andrea and Westphal, Daniel and Hantke, Max and DePonte, Daniel P. and Barty, Anton and Schulz, Joachim and Gumprecht, Lars and Coppola, Nicola and Aquila, Andrew and Liang, Mengning and White, Thomas A. and Martin, Andrew and Caleman, Carl and Stern, Stephan and Abergel, Chantal and Seltzer, Virginie and Claverie, Jean-Michel and Bostedt, Christoph and Bozek, John D. and Boutet, Sebastien and Miahnahri, A. Alan and Messerschmidt, Marc and Krzywinski, Jacek and Williams, Garth and Hodgson, Keith O. and Bogan, Michael J. and Hampton, Christina Y. and Sierra, Raymond G. and Starodub, Dmitri and Andersson, Inger and Bajt, Sasa and Barthelmess, Miriam and Spence, John C. H. and Fromme, Petra and Weierstall, Uwe and Kirian, Richard and Hunter, Mark and Doak, R. Bruce and Marchesini, Stefano and Hau-Riege, Stefan P. and Frank, Matthias and Shoeman, Robert L. and Lomb, Lukas and Epp, Sascha W. and Hartmann, Robert and Rolles, Daniel and Rudenko, Artem and Schmidt, Carlo and Foucar, Lutz and Kimmel, Nils and Holl, Peter and Rudek, Benedikt and Erk, Benjamin and Homke, Andre and Reich, Christian and Pietschner, Daniel and Weidenspointner, Georg and Struder, Lothar and Hauser, Gunter and Gorke, Hubert and Ullrich, Joachim and Schlichting, Ilme and Herrmann, Sven and Schaller, Gerhard and Schopper, Florian and Soltau, Heike and Kuhnel, Kai-Uwe and Andritschke, Robert and Schroter, Claus-Dieter and Krasniqi, Faton and Bott, Mario and Schorb, Sebastian and Rupp, Daniela and Adolph, Marcus and Gorkhover, Tais and Hirsemann, Helmut and Potdevin, Guillaume and Graafsma, Heinz and Nilsson, Bjorn and Chapman, Henry N. and Hajdu, Janos},
  title     = {Single mimivirus particles intercepted and imaged with an X-ray laser},
  journal   = {Nature},
  year      = {2011},
  volume    = {470},
  number    = {7332},
  pages     = {78--81},
  month     = feb,
  comment   = {10.1038/nature09748},
  issn      = {0028-0836},
  publisher = {Nature Publishing Group, a division of Macmillan Publishers Limited. All Rights Reserved.},
}

@Article{shechtman2015,
  author   = {Y. Shechtman and Y. C. Eldar and O. Cohen and H. N. Chapman and J. Miao and M. Segev},
  title    = {Phase Retrieval with Application to Optical Imaging: A contemporary overview},
  journal  = {IEEE Signal Processing Magazine},
  year     = {2015},
  volume   = {32},
  number   = {3},
  pages    = {87-109},
  month    = {May},
  doi      = {10.1109/MSP.2014.2352673},
  issn     = {1053-5888},
  keywords = {image processing;reviews;biology;chemistry;engineering;optical imaging;phase retrieval;physics;review;signal processing;Extraterrestrial measurements;Holography;Optical diffraction;Optical imaging;Optical signal processing;Optical variables measurement;Phase measurement},
}

@Article{bergh2008,
  author    = {Bergh, Magnus and Huldt, G{\"o}sta and Timneanu, Nicusor and Maia, Filipe RNC and Hajdu, Janos},
  title     = {Feasibility of imaging living cells at subnanometer resolutions by ultrafast X-ray diffraction},
  journal   = {Quarterly reviews of biophysics},
  year      = {2008},
  volume    = {41},
  number    = {3-4},
  pages     = {181--204},
  publisher = {Cambridge Univ Press},
}

@InBook{milo2015,
  pages     = {128ff},
  title     = {Cell Biology by the Numbers},
  publisher = {Taylor \& Francis Ltd.},
  year      = {2015},
  author    = {Milo, R. and Phillips, R.},
  isbn      = {9781317230694},
}

@Comment{jabref-meta: databaseType:bibtex;}
